<record><leader>00000cas a22000007a 4500</leader><controlfield tag="001">27821597</controlfield><controlfield tag="008">930329d188118uunyuwr ne      0    0eng d</controlfield><datafield ind1=" " ind2=" " tag="010"><subfield code="a">sn 93063805 </subfield></datafield><datafield ind1=" " ind2=" " tag="040"><subfield code="a">NYS</subfield><subfield code="b">eng</subfield><subfield code="c">NYS</subfield><subfield code="d">OCLCQ</subfield></datafield><datafield ind1=" " ind2=" " tag="042"><subfield code="a">msc</subfield></datafield><datafield ind1="0" ind2=" " tag="130"><subfield code="a">Walton reporter (Walton, N.Y. : 1881)</subfield></datafield><datafield ind1="1" ind2="4" tag="245"><subfield code="a">The Walton reporter.</subfield></datafield><datafield ind1="1" ind2="3" tag="246"><subfield code="a">Reporter and star</subfield><subfield code="f">&lt;1885-1887&gt;</subfield></datafield><datafield ind1=" " ind2=" " tag="260"><subfield code="a">Walton, N.Y. :</subfield><subfield code="b">Bulkley &amp; White</subfield></datafield><datafield ind1=" " ind2=" " tag="300"><subfield code="a">v.</subfield></datafield><datafield ind1=" " ind2=" " tag="310"><subfield code="a">Weekly</subfield></datafield><datafield ind1="1" ind2=" " tag="362"><subfield code="a">Began in 1881?</subfield><subfield code="z">Cf. Gregory, W. Amer. newspapers.</subfield></datafield><datafield ind1=" " ind2=" " tag="500"><subfield code="a">Publishers: Bulkley &amp; White, &lt;1883-1885&gt;; John P. White, &lt;1887&gt;.</subfield></datafield><datafield ind1=" " ind2=" " tag="515"><subfield code="a">Jan. 3, 1885 issue numbered: Vol. 4, no. 18 = whole no. 200; issues for Jan. 10, 1885-&lt;Dec. 28, 1889&gt; numbered: Vol. 4, no. 46-&lt;v. 9, no. 46&gt; = whole no. 201-&lt;460&gt;.</subfield></datafield><datafield ind1=" " ind2=" " tag="588"><subfield code="a">Description based on: Vol. 3, no. 2 (Mar. 17, 1883).</subfield></datafield><datafield ind1=" " ind2="4" tag="651"><subfield code="a">Walton (N.Y.)</subfield><subfield code="v">Newspapers.</subfield></datafield><datafield ind1=" " ind2=" " tag="752"><subfield code="a">United States</subfield><subfield code="b">New York</subfield><subfield code="c">Delaware</subfield><subfield code="d">Walton.</subfield></datafield><datafield ind1="0" ind2="0" tag="785"><subfield code="t">Reporter (Walton, N.Y. : 1890)</subfield><subfield code="w">(DLC)sn 88074489</subfield></datafield><datafield ind1="1" ind2=" " tag="029"><subfield code="a">AU@</subfield><subfield code="b">000020728459</subfield></datafield></record>